@book{1,
	title        = {Menselijk Handelen: Studie Editie},
	author       = {Ludwig von Mises},
	year         = 1998,
	publisher    = {Ludwig von Mises Institute},
	pages        = 92
}
@book{2,
	pages        = 11,
	crossref     = 1
}
@book{3,
	title        = {Mens, economie en staat, met macht en markt},
	author       = {Murray Rothbard},
	year         = 2009,
	publisher    = {Ludwig von Mises Institute},
	pages        = 7,
	edition      = {2nd}
}
@book{4,
	pages        = {13--4},
	crossref     = 1
}
@book{5,
	pages        = 16,
	crossref     = 1
}
@book{6,
	pages        = 20,
	crossref     = 1
}
@book{7,
	title        = {Economische wetenschap en de Oostenrijkse methode},
	author       = {Hans-Hermann Hoppe},
	year         = 2007,
	publisher    = {Ludwig von Mises Institute},
	pages        = 63
}
@book{8,
	pages        = 118,
	crossref     = 1
}
@article{9,
	title        = {De schijn van kennis},
	author       = {Friedrich von Hayek},
	year         = 1975,
	journal      = {The Swedish Journal of Economics},
	volume       = 77,
	number       = 4,
	pages        = {433--42}
}
@article{10,
	title        = {Scientisme en de studie van de samenleving (Deel 1)},
	author       = {Friedrich von Hayek},
	year         = 1942,
	journal      = {Economica},
	volume       = 9,
	number       = 35,
	pages        = {267--91}
}
@misc{11,
	title        = {Economic Data},
	author       = {{Federal Reserve Bank of St. Louis}}, % Braces to treat the entire name as one entity
	howpublished = {Bron: FRED, Federal Reserve Bank of St. Louis},
	year         = 2022,
	note         = {Accessed: 2023-04-01}
}

@book{12,
	title        = {Veertig eeuwen loon- en prijscontrole: Hoe inflatie niet te bestrijden},
	author       = {Robert Schuettinger and Eamonn Butler},
	year         = 1978,
	publisher    = {Heritage Foundation}
}
@book{13,
	title        = {Grondbeginselen van de Economie},
	author       = {Carl Menger},
	year         = 2007,
	publisher    = {Ludwig von Mises Institute},
	pages        = {120--1},
	edition      = {Herdruk}
}
@book{15,
	pages        = 115,
	crossref     = 13
}
@book{16,
	pages        = 116,
	crossref     = 13
}
@book{17,
	pages        = {120--1},
	crossref     = 13
}
@book{18,
	pages        = {120--1},
	crossref     = 13
}
@book{19,
	pages        = 120,
	crossref     = 13
}
@book{20,
	pages        = 97,
	crossref     = 1
}
@book{21,
	pages        = 124,
	crossref     = 1
}
@book{22,
	pages        = 121,
	crossref     = 1
}
@book{23,
	pages        = {121--3},
	crossref     = 1
}
@book{24,
	pages        = 101,
	crossref     = 1
}
@misc{25,
	note         = {Zoals later zal worden besproken is bitcoin de enige uitzondering}
}
@book{26,
	title        = {De ultieme bron 2},
	author       = {Julian Simon},
	year         = 1996,
	publisher    = {Princeton University Press}
}
@book{27,
	pages        = {44--8},
	crossref     = 26
}
@misc{28,
	title        = {Wereldbevolkingsgroei},
	author       = {Max Roser and Hannah Ritchie and Esteban Ortiz-Ospina and Lucas Rod√©s-Guirao},
	year         = 2013,
	note         = {Our World In Data}
}
@misc{29,
	title        = {Economische groei},
	author       = {Max Roser},
	year         = 2013,
	note         = {Our World In Data}
}
@book{30,
	pages        = 45,
	crossress    = 26
}
@article{31,
	title        = {Een wereldwijde dataset van mijnbouwgebieden},
	author       = {Maus, Victor and others},
	year         = 2020,
	journal      = {Scientific Data},
	volume       = 7,
	number       = 289
}
@misc{32,
	note         = {Een Olympisch zwembad heeft een volume van 2.500.000 liter. 0,00000528\% daarvan is 0,132 liter. Een kopje is 0,25 liter.}
}
@misc{33,
	title        = {De Simon Overvloed Index 2021},
	author       = {Pooley, Gale and Tupy, Marian},
	note         = {Zie ook The Bitcoin Standard Podcast met gast Gale Pooley},
	organization = {Human Progress}
}
@misc{34,
	note         = {BP Statistical Review of World Energy}
}
@misc{35,
	note         = {Bron: Amerikaanse geologische dienst}
}
@book{36,
	title        = {Democratie: De God Die Mislukte},
	author       = {Hoppe, Hans-Hermann},
	year         = 2001,
	publisher    = {Transaction Publishers},
	pages        = 6
}
@book{37,
	pages        = 131,
	crossref     = 1
}
@book{38,
	pages        = 131,
	crossref     = 1
}
@book{39,
	pages        = 142,
	crossref     = 1
}
@book{40,
	pages        = 131,
	crossref     = 1
}
@book{41,
	pages        = 133,
	crossref     = 1
}
@online{42,
	title        = {Werkloosheidscijfer in Zwitserland},
	organization = {Federal Reserve Economic Data}
}
@inbook{43,
	title        = {Economische mogelijkheden voor onze kleinkinderen (1930)},
	author       = {Keynes, John Maynard},
	year         = 1931,
	booktitle    = {Essays in Persuasion},
	publisher    = {Macmillan},
	address      = {Londen},
	pages        = {358--373}
}
@book{44,
	crossref     = 43
}
@book{45,
	crossref     = 43
}
@book{46,
	crossref     = 43
}
@book{47,
	title        = {Een theorie van socialisme en kapitalisme},
	author       = {Hoppe, Hans-Hermann},
	year         = 2010,
	publisher    = {Ludwig von Mises Institute},
	pages        = 158
}
@book{48,
	title        = {Grondbeginselen van de Economie},
	author       = {Menger, Carl},
	year         = 2007,
	publisher    = {Ludwig von Mises Institute},
	pages        = 97,
	edition      = {Herdruk}
}
@book{49,
	pages        = 76,
	crossref     = 48
}
@book{50,
	title        = {Eigendom},
	author       = {Yiannopoulos, A. N.},
	year         = 2001,
	publisher    = {West Group},
	series       = {Louisiana Civil Law Treatise},
	volume       = 2,
	edition      = {4e}
}
@book{51,
	pages        = 109,
	crossref     = 48
}
@book{52,
	title        = {Wat Libertarisme is},
	author       = {Kinsella, Stephan},
	year         = 2009,
	booktitle    = {Eigendom, vrijheid en samenleving: Essays ter ere van Hans-Hermann Hoppe},
	publisher    = {Ludwig von Mises Institute},
	pages        = {184--185}
}
@inbook{53,
	pages        = 12,
	crossref     = 52
}
@inbook{54,
	pages        = {179--196},
	crossref     = 52
}
@book{55,
	pages        = 678,
	crossref     = 1
}
@book{56,
	pages        = 680,
	crossref     = 1
}
@book{57,
	pages        = 652,
	crossref     = 1
}
